@article{vgg,
	author = {O. M. Parkhi, A. Vedaldi, A. Zissermanr},
	title = {Deep Face Recognition},
	journaltitle = {British Machine Vision Conference},
	date = {2015}
}
